@article{srinath2017python,
  title={Python--the fastest growing programming language},
  author={Srinath, KR},
  journal={International Research Journal of Engineering and Technology},
  volume={4},
  number={12},
  pages={354--357},
  year={2017}
}

@article{baramidze2013latex,
  title={LaTeX for technical writing},
  author={Baramidze, Victoria},
  journal={Journal of Technical Science and Technologies},
  pages={45--48},
  year={2013}
}